@phdthesis{cheval-phd2012,
   author = {Cheval, Vincent}, 
   month = dec, 
   school = {Laboratoire Sp{\'e}cification et V{\'e}rification, ENS Cachan, France}, 
   type = {Th{\`e}se de doctorat}, 
   title = {Automatic verification of cryptographic protocols: privacy-type properties}, 
   url = {http://www.lsv.ens-cachan.fr/Publis/PAPERS/PDF/cheval-these12.pdf}, 
   year = {2012}, 
}